<record><leader>00000cas a2200000 a 4500</leader><controlfield tag="001">2774387</controlfield><controlfield tag="008">770303d19uu19uunyuuu ne      0    0eng c</controlfield><datafield ind1=" " ind2=" " tag="010"><subfield code="a">sn 90066259 </subfield></datafield><datafield ind1=" " ind2=" " tag="040"><subfield code="a">MUL</subfield><subfield code="b">eng</subfield><subfield code="c">MUL</subfield><subfield code="d">NYS</subfield><subfield code="d">CNK</subfield><subfield code="d">OCLCQ</subfield><subfield code="d">NYS</subfield><subfield code="d">OCLCQ</subfield><subfield code="d">OCLCF</subfield><subfield code="d">OCLCO</subfield></datafield><datafield ind1="1" ind2=" " tag="029"><subfield code="a">AU@</subfield><subfield code="b">000020613333</subfield></datafield><datafield ind1=" " ind2=" " tag="042"><subfield code="a">pcc</subfield></datafield><datafield ind1=" " ind2=" " tag="043"><subfield code="a">n-us-ny</subfield><subfield code="a">n-us---</subfield></datafield><datafield ind1="0" ind2="4" tag="245"><subfield code="a">The Bawl Street journal.</subfield></datafield><datafield ind1=" " ind2=" " tag="260"><subfield code="a">New York :</subfield><subfield code="b">Bond Club of New York</subfield></datafield><datafield ind1=" " ind2=" " tag="300"><subfield code="a">v. :</subfield><subfield code="b">ill. ;</subfield><subfield code="c">58 cm.</subfield></datafield><datafield ind1=" " ind2=" " tag="500"><subfield code="a">Issued annually?</subfield></datafield><datafield ind1=" " ind2=" " tag="520"><subfield code="a">Parody of The Wall Street journal and the New York financial community.</subfield></datafield><datafield ind1=" " ind2=" " tag="588"><subfield code="a">Description based on: Vol. 7, no. 1 (May 22, 1931). Latest issue consulted: vol. 52, no. 1 (June 1, 1979).</subfield></datafield><datafield ind1="0" ind2="0" tag="630"><subfield code="a">Wall Street journal</subfield><subfield code="v">Parodies, imitations, etc.</subfield></datafield><datafield ind1=" " ind2="0" tag="650"><subfield code="a">Securities industry</subfield><subfield code="z">United States</subfield><subfield code="v">Humor.</subfield></datafield><datafield ind1=" " ind2="0" tag="651"><subfield code="a">New York (N.Y.)</subfield><subfield code="v">Newspapers.</subfield></datafield><datafield ind1=" " ind2="0" tag="651"><subfield code="a">New York County (N.Y.)</subfield><subfield code="v">Newspapers.</subfield></datafield><datafield ind1=" " ind2="7" tag="655"><subfield code="a">Humor.</subfield><subfield code="2">fast</subfield><subfield code="0">(OCoLC)fst01423696</subfield></datafield><datafield ind1=" " ind2="7" tag="655"><subfield code="a">Newspapers.</subfield><subfield code="2">fast</subfield><subfield code="0">(OCoLC)fst01423814</subfield></datafield><datafield ind1=" " ind2="7" tag="655"><subfield code="a">Parodies, imitations, etc.</subfield><subfield code="2">fast</subfield><subfield code="0">(OCoLC)fst01423840</subfield></datafield><datafield ind1="0" ind2="7" tag="630"><subfield code="a">Wall Street journal.</subfield><subfield code="2">fast</subfield><subfield code="0">(OCoLC)fst01357990</subfield></datafield><datafield ind1=" " ind2="7" tag="650"><subfield code="a">Securities industry.</subfield><subfield code="2">fast</subfield><subfield code="0">(OCoLC)fst01110811</subfield></datafield><datafield ind1=" " ind2="7" tag="651"><subfield code="a">New York (State)</subfield><subfield code="z">New York.</subfield><subfield code="2">fast</subfield><subfield code="0">(OCoLC)fst01204333</subfield></datafield><datafield ind1=" " ind2="7" tag="651"><subfield code="a">New York (State)</subfield><subfield code="z">New York County.</subfield><subfield code="2">fast</subfield><subfield code="0">(OCoLC)fst01234953</subfield></datafield><datafield ind1=" " ind2="7" tag="651"><subfield code="a">United States.</subfield><subfield code="2">fast</subfield><subfield code="0">(OCoLC)fst01204155</subfield></datafield><datafield ind1="2" ind2=" " tag="710"><subfield code="a">Bond Club of New York.</subfield></datafield><datafield ind1=" " ind2=" " tag="752"><subfield code="a">United States</subfield><subfield code="b">New York</subfield><subfield code="c">New York</subfield><subfield code="d">New York.</subfield></datafield></record>